<?xml version="1.0" encoding="UTF-8"?><collection xmlns="http://www.loc.gov/MARC21/slim"><record><leader>00504nam--2200193-i-4500</leader><controlfield tag="001">000049496</controlfield><controlfield tag="002">20161230</controlfield><controlfield tag="005">20161230201047</controlfield><controlfield tag="008">060222s1000------------r-----000-0-rus-d</controlfield><datafield ind1=" " ind2=" " tag="040"><subfield code="a">IFIN-HH</subfield></datafield><datafield ind1=" " ind2=" " tag="041"><subfield code="a">rus</subfield></datafield><datafield ind1=" " ind2=" " tag="080"><subfield code="a">622</subfield></datafield><datafield ind1="1" ind2=" " tag="100"><subfield code="a">Alimov,O.D</subfield></datafield><datafield ind1="1" ind2="0" tag="245"><subfield code="a">Rasprostranenie voln deformacii v udarnyh sistemah</subfield><subfield code="c">O.d. alimov, v.k. manzhosov, v.e. eremianc</subfield></datafield><datafield ind1=" " ind2=" " tag="260"><subfield code="a">Moskva, Nauka, 1985</subfield></datafield><datafield ind1=" " ind2=" " tag="300"><subfield code="a">360 S</subfield></datafield><datafield ind1="1" ind2=" " tag="700"><subfield code="a">Eremianc, V.E</subfield></datafield><datafield ind1=" " ind2=" " tag="852"><subfield code="a">72742</subfield><subfield code="c">531</subfield></datafield><datafield ind1=" " ind2=" " tag="CAT"><subfield code="a">Sys</subfield><subfield code="c">20100701</subfield><subfield code="h">120019</subfield></datafield></record></collection>